@book{russell2002artificial,
  title={Artificial Intelligence: A Modern Approach},
  author={Russell, Stuart J and Norvig, Peter},
  year={2002},
  publisher={Prentice Hall},
}

@book{abelson1996StructureAndInterpretationOfComputerPrograms,
  title={Struktur und Interpretation von Computerprogrammen: Eine Informatik-Einf√ºhrung},
  author={Harold Abelson, Gerald Jay Sussman, Julie Sussman},
  year={1998},
  publisher={Springer-Lehrbuch},
}
